% This file was created with JabRef 2.10b2.
% Encoding: UTF8
@book{M_ller_2015,
	doi = {10.1007/978-3-319-21945-5},
	url = {https://doi.org/10.1007%2F978-3-319-21945-5},
	year = 2015,
	publisher = {Springer International Publishing},
	author = {Meinard MÃ¼ller},
	title = {Fundamentals of Music Processing}
}

@book{tempobeatdownbeat:book,
	Author = {Matthew E. P. Davies, Sebastian B\:ock, Magdalena Fuentes},
	Month = Nov.,
	Publisher = {https://tempobeatdownbeat.github.io/tutorial/intro.html},
	Title = {{Tempo, Beat and Downbeat Estimation}},
	Year = 2021,
	Url = {https://tempobeatdownbeat.github.io/tutorial/intro.html}
}